date,investment,revenue
3/27/2024,213.19,10421.71
3/26/2024,264.75,15095.82
3/25/2024,276.02,12619.64
3/24/2024,136.63,8736.68
3/23/2024,156.26,12291.15
3/22/2024,128.34,6858.51
3/21/2024,228.44,6280.67
3/20/2024,157.71,13017.19
3/19/2024,170.00,8773.12
3/18/2024,165.57,12967.97
3/17/2024,173.99,14023.49
3/16/2024,163.83,12775.55
3/15/2024,299.91,13961.36
3/14/2024,267.22,16674.35
3/13/2024,206.34,9268.58
3/12/2024,142.82,6164.72
3/11/2024,246.89,21076.83
3/10/2024,258.42,14259.71
3/9/2024,299.68,15360.76
3/8/2024,215.83,11957.58
3/7/2024,260.88,15531.61
3/6/2024,191.17,13544.36
3/5/2024,256.06,13236.15
3/4/2024,230.83,12989.84
3/3/2024,210.36,12418.60
3/2/2024,289.50,16530.97
3/1/2024,217.44,12770.31
2/29/2024,204.13,8269.77
2/28/2024,232.75,15053.91
2/27/2024,241.32,9734.85
2/26/2024,270.89,15855.65
2/25/2024,213.79,18618.28
2/24/2024,159.08,10181.59
2/23/2024,174.18,14838.66
2/22/2024,162.87,10740.46
2/21/2024,130.00,9085.97
2/20/2024,239.13,9410.72
2/19/2024,209.61,15300.85
2/18/2024,223.94,15758.47
2/17/2024,174.01,9672.12
2/16/2024,152.80,10871.85
2/15/2024,233.35,14022.33
2/14/2024,159.19,9628.50
2/13/2024,229.40,4895.29
2/12/2024,157.05,13504.05
2/11/2024,157.03,14585.38
2/10/2024,108.40,9024.05
2/9/2024,248.82,13001.72
2/8/2024,191.88,12376.72
2/7/2024,158.13,9667.32
2/6/2024,194.86,9555.27
2/5/2024,123.88,5148.54
2/4/2024,181.78,14247.62
2/3/2024,241.01,13200.67
2/2/2024,237.09,10212.44
2/1/2024,230.51,9846.43
1/31/2024,178.20,8979.71
1/30/2024,237.00,15108.73
1/29/2024,222.38,18103.94
1/28/2024,194.28,14523.20
1/27/2024,171.68,12345.92
1/26/2024,216.05,12144.28
1/25/2024,166.57,6934.88
1/24/2024,203.73,14886.81
1/23/2024,296.73,12305.23
1/22/2024,231.32,10984.18
1/21/2024,288.06,12554.52
1/20/2024,194.54,11567.81
1/19/2024,217.41,12850.69
1/18/2024,247.62,12526.41
1/17/2024,207.26,16118.49
1/16/2024,193.83,14281.55
1/15/2024,245.74,14452.79
1/14/2024,178.43,8889.25
1/13/2024,117.76,7507.30
1/12/2024,178.38,8407.23
1/11/2024,238.98,14677.06
1/10/2024,176.85,13002.50
1/9/2024,149.76,11692.33
1/8/2024,180.35,10844.90
1/7/2024,251.72,9395.89
1/6/2024,284.07,13123.47
1/5/2024,194.87,10438.67
1/4/2024,136.97,10582.73
1/3/2024,230.10,13133.65
1/2/2024,213.76,13225.41
1/1/2024,186.56,16694.09
12/31/2023,216.75,8283.40
12/30/2023,275.52,15690.08
12/29/2023,196.30,15299.51
12/28/2023,172.17,12682.06
12/27/2023,190.98,14625.59
12/26/2023,218.65,15392.35
12/25/2023,162.66,10882.39
12/24/2023,204.48,13930.85
12/23/2023,291.27,15057.88
12/22/2023,144.32,8796.49
12/21/2023,191.78,13305.99
12/20/2023,154.26,12768.50
12/19/2023,287.08,13695.16
12/18/2023,241.64,14852.69
12/17/2023,163.07,8437.25
12/16/2023,208.41,17781.92
12/15/2023,249.45,6482.32
12/14/2023,225.74,11961.86
12/13/2023,157.64,8380.61
12/12/2023,162.85,8818.09
12/11/2023,168.99,10699.29
12/10/2023,277.20,14039.18
12/9/2023,132.61,7752.02
12/8/2023,278.30,15002.29
12/7/2023,193.48,15168.89
12/6/2023,259.91,13283.56
12/5/2023,250.26,17591.89
12/4/2023,273.72,11501.56
12/3/2023,288.29,16468.79
12/2/2023,271.21,14399.44
12/1/2023,294.28,15446.37
11/30/2023,151.26,9864.20
11/29/2023,230.54,14950.67
11/28/2023,125.46,10366.51
11/27/2023,109.11,5408.85
11/26/2023,109.91,6680.34
11/25/2023,160.93,12315.93
11/24/2023,190.79,11624.16
11/23/2023,233.39,11353.82
11/22/2023,140.31,10399.48
11/21/2023,189.96,13784.96
11/20/2023,256.05,12834.36
11/19/2023,213.92,13410.87
11/18/2023,274.87,14441.57
11/17/2023,197.39,9187.20
11/16/2023,240.79,11801.09
11/15/2023,271.85,15377.57
11/14/2023,174.47,11512.83
11/13/2023,283.07,16452.55
11/12/2023,192.90,12819.65
11/11/2023,234.18,12263.09
11/10/2023,275.07,18023.18
11/9/2023,156.85,11550.87
11/8/2023,286.71,18854.43
11/7/2023,235.84,9747.82
11/6/2023,296.23,13334.09
11/5/2023,248.15,13216.47
11/4/2023,137.28,8413.42
11/3/2023,217.20,13366.37
11/2/2023,164.39,6660.94
11/1/2023,172.61,17075.00
10/31/2023,211.03,15424.41
10/30/2023,270.92,15465.18
10/29/2023,261.49,14160.85
10/28/2023,198.66,11037.96
10/27/2023,213.63,13680.24
10/26/2023,216.09,9398.26
10/25/2023,127.55,14094.50
10/24/2023,204.63,14439.74
10/23/2023,162.10,10297.59
10/22/2023,141.88,11115.97
10/21/2023,209.28,11887.37
10/20/2023,206.14,11058.02
10/19/2023,144.19,10100.76
10/18/2023,164.81,6700.49
10/17/2023,97.69,9536.01
10/16/2023,120.58,5066.28
10/15/2023,196.79,8005.02
10/14/2023,220.46,12487.92
10/13/2023,160.27,17897.00
10/12/2023,161.79,13116.99
10/11/2023,93.78,7898.27
10/10/2023,298.68,20614.98
10/9/2023,189.94,11795.51
10/8/2023,293.89,10188.14
10/7/2023,256.45,13194.40
10/6/2023,155.74,7072.55
10/5/2023,169.31,11499.08
10/4/2023,130.62,10350.96
10/3/2023,214.79,12235.88
10/2/2023,142.77,6730.05
10/1/2023,201.61,11827.48
9/30/2023,227.35,9496.79
9/29/2023,229.76,12081.24
9/28/2023,215.66,9694.66
9/27/2023,136.31,13921.41
9/26/2023,239.19,8514.13
9/25/2023,161.07,10725.81
9/24/2023,173.70,10671.54
9/23/2023,230.10,19865.20
9/22/2023,145.47,14405.16
9/21/2023,204.71,13536.53
9/20/2023,197.75,15586.64
9/19/2023,234.31,13920.01
9/18/2023,289.22,17534.29
9/17/2023,125.78,7778.76
9/16/2023,254.28,13364.19
9/15/2023,212.01,13448.70
9/14/2023,200.43,9014.23
9/13/2023,229.18,10820.46
9/12/2023,159.02,15914.52
9/11/2023,151.39,12005.20
9/10/2023,293.50,14812.10
9/9/2023,280.43,17540.29
9/8/2023,243.98,16952.23
9/7/2023,243.51,9822.12
9/6/2023,107.35,8130.50
9/5/2023,200.24,17882.11
9/4/2023,211.76,11861.36
9/3/2023,201.72,10924.20
9/2/2023,195.36,10713.61
9/1/2023,159.64,5612.91
8/31/2023,225.87,13087.66
8/30/2023,129.91,6917.92
8/29/2023,195.98,11086.87
8/28/2023,216.18,14183.39
8/27/2023,277.21,11459.94
8/26/2023,160.47,11261.28
8/25/2023,155.61,9295.56
8/24/2023,251.42,13927.07
8/23/2023,183.58,11117.72
8/22/2023,231.36,14779.41
8/21/2023,280.39,16399.51
8/20/2023,146.46,12365.36
8/19/2023,205.36,6344.70
8/18/2023,187.55,11509.16
8/17/2023,121.38,7951.95
8/16/2023,292.31,14381.78
8/15/2023,247.43,14887.62
8/14/2023,104.56,7538.72
8/13/2023,138.96,11900.95
8/12/2023,161.89,7650.47
8/11/2023,235.33,11868.30
8/10/2023,297.35,13969.88
8/9/2023,132.62,10152.03
8/8/2023,153.70,11471.11
8/7/2023,202.15,18668.25
8/6/2023,255.86,15080.29
8/5/2023,170.31,12440.62
8/4/2023,161.76,9853.87
8/3/2023,165.01,16233.44
8/2/2023,198.94,11081.06
8/1/2023,267.04,16008.76
7/31/2023,149.35,9943.67
7/30/2023,164.25,9116.96
7/29/2023,168.79,13430.53
7/28/2023,198.02,16279.46
7/27/2023,181.33,6167.19
7/26/2023,194.58,14847.12
7/25/2023,241.87,10338.77
7/24/2023,186.11,11759.48
7/23/2023,165.06,14116.27
7/22/2023,204.38,12216.58
7/21/2023,273.54,14484.78
7/20/2023,186.92,12315.69
7/19/2023,275.68,12766.52
7/18/2023,169.47,11597.83
7/17/2023,288.48,16304.72
7/16/2023,205.31,6912.24
7/15/2023,202.32,8664.55
7/14/2023,193.94,12240.12
7/13/2023,164.83,12981.84
7/12/2023,167.50,14322.98
7/11/2023,209.59,12242.00
7/10/2023,238.99,15013.68
7/9/2023,202.32,4394.05
7/8/2023,191.38,13471.81
7/7/2023,200.27,11227.04
7/6/2023,131.02,8218.97
7/5/2023,249.79,14382.02
7/4/2023,203.58,12087.36
7/3/2023,122.32,11727.50
7/2/2023,273.03,12033.19
7/1/2023,186.00,14336.59
6/30/2023,278.08,14811.68
6/29/2023,245.96,13917.19
6/28/2023,129.50,9497.05
6/27/2023,150.78,11312.25
6/26/2023,225.35,10356.67
6/25/2023,245.14,12449.34
6/24/2023,133.79,6216.50
6/23/2023,167.75,9062.91
6/22/2023,137.15,9231.32
6/21/2023,116.49,10099.24
6/20/2023,168.21,14950.91
6/19/2023,195.79,12181.95
6/18/2023,196.15,14744.98
6/17/2023,198.72,16374.91
6/16/2023,157.38,10289.87
6/15/2023,208.67,11427.05
6/14/2023,149.74,9780.71
6/13/2023,213.89,8148.21
6/12/2023,185.26,11354.80
6/11/2023,235.80,13898.79
6/10/2023,203.32,6450.85
6/9/2023,87.93,6098.95
6/8/2023,246.53,14756.63
6/7/2023,227.74,13404.64
6/6/2023,242.73,13241.88
6/5/2023,195.64,12337.12
6/4/2023,205.96,15533.93
6/3/2023,130.86,3554.21
6/2/2023,118.94,12534.47
6/1/2023,209.21,15614.37
5/31/2023,177.72,14048.77
5/30/2023,186.19,16351.80
5/29/2023,200.84,8945.68
5/28/2023,181.06,12957.13
5/27/2023,165.47,5690.38
5/26/2023,137.45,10430.31
5/25/2023,247.83,11165.08
5/24/2023,164.90,9534.43
5/23/2023,272.03,17339.57
5/22/2023,199.60,16422.66
5/21/2023,200.52,15425.04
5/20/2023,233.98,7881.28
5/19/2023,249.83,15960.73
5/18/2023,150.09,10532.52
5/17/2023,241.64,15072.47
5/16/2023,216.27,12156.41
5/15/2023,223.54,11395.53
5/14/2023,188.17,12464.13
5/13/2023,278.78,15995.32
5/12/2023,121.31,6917.19
5/11/2023,292.09,15296.14
5/10/2023,133.89,9246.41
5/9/2023,216.48,11945.57
5/8/2023,178.37,15249.95
5/7/2023,121.09,11637.59
5/6/2023,157.40,11031.73
5/5/2023,169.79,13438.08
5/4/2023,263.05,14097.45
5/3/2023,268.50,13333.43
5/2/2023,273.25,13344.75
5/1/2023,164.94,10966.83
4/30/2023,134.51,8054.53
4/29/2023,205.45,7138.13
4/28/2023,185.05,10339.05
4/27/2023,205.74,5521.66
4/26/2023,126.35,8436.53
4/25/2023,213.85,14908.85
4/24/2023,274.88,13595.88
4/23/2023,260.71,16682.74
4/22/2023,221.05,6876.26
4/21/2023,262.60,13046.17
4/20/2023,136.32,12334.25
4/19/2023,209.34,10422.07
4/18/2023,131.31,8594.88
4/17/2023,290.22,15419.37
4/16/2023,242.11,14989.11
4/15/2023,164.58,11447.76
4/14/2023,226.85,13710.72
4/13/2023,211.29,12522.82
4/12/2023,125.95,10772.66
4/11/2023,139.08,9724.98
4/10/2023,184.94,9535.55
4/9/2023,148.30,14927.10
4/8/2023,150.33,9018.44
4/7/2023,240.51,16522.58
4/6/2023,101.90,9613.97
4/5/2023,235.15,14433.03
4/4/2023,97.38,5857.93
4/3/2023,232.63,14598.35
4/2/2023,290.11,14302.77
4/1/2023,220.85,17150.54
3/31/2023,197.22,9838.13
3/30/2023,295.94,18611.58
3/29/2023,201.80,8207.01
3/28/2023,290.78,17914.02
3/27/2023,224.40,14983.97
3/26/2023,246.17,10989.86
3/25/2023,267.45,14819.89
3/24/2023,280.62,16734.50
3/23/2023,283.61,17033.70
3/22/2023,278.04,14540.91
3/21/2023,271.84,13661.60
3/20/2023,175.71,4599.39
3/19/2023,234.78,15735.72
3/18/2023,244.45,12877.77
3/17/2023,178.50,13986.61
3/16/2023,139.65,14426.64
3/15/2023,261.55,10672.40
3/14/2023,161.89,13290.91
3/13/2023,151.32,9186.50
3/12/2023,207.54,12715.06
3/11/2023,219.87,8537.92
3/10/2023,203.63,12378.88
3/9/2023,146.44,10994.61
3/8/2023,222.45,12129.15
3/7/2023,249.50,9590.96
3/6/2023,159.42,9423.38
3/5/2023,245.67,13408.30
3/4/2023,251.15,13370.38
3/3/2023,236.39,9883.71
3/2/2023,216.03,16055.12
3/1/2023,164.13,15165.40
2/28/2023,190.58,9258.44
2/27/2023,138.62,6428.64
2/26/2023,172.02,12325.24
2/25/2023,126.55,10069.19
2/24/2023,293.97,14012.10
2/23/2023,147.65,10316.00
2/22/2023,244.58,10381.34
2/21/2023,151.66,9280.31
2/20/2023,212.30,13888.31
2/19/2023,192.21,13232.40
2/18/2023,285.63,11091.22
2/17/2023,294.50,14391.41
2/16/2023,149.65,9252.34
2/15/2023,228.89,15128.48
2/14/2023,170.03,9259.95
2/13/2023,170.14,9272.84
2/12/2023,210.58,13998.22
2/11/2023,219.15,10014.72
2/10/2023,190.84,6555.55
2/9/2023,208.95,10232.63
2/8/2023,296.59,14229.49
2/7/2023,218.44,11133.20
2/6/2023,198.49,10447.97
2/5/2023,158.64,5418.58
2/4/2023,172.74,14054.65
2/3/2023,268.47,16898.30
2/2/2023,231.46,13501.86
2/1/2023,228.52,16626.96
1/31/2023,237.66,14815.98
1/30/2023,162.52,10772.50
1/29/2023,227.02,17453.95
1/28/2023,260.91,11634.96
1/27/2023,298.20,19515.43
1/26/2023,138.64,9226.30
1/25/2023,233.09,14714.37
1/24/2023,249.65,10989.14
1/23/2023,197.46,12783.86
1/22/2023,186.38,12960.30
1/21/2023,169.92,10886.23
1/20/2023,179.04,11584.42
1/19/2023,215.34,6757.92
1/18/2023,130.74,13706.74
1/17/2023,271.23,17563.86
1/16/2023,192.51,13266.94
1/15/2023,213.58,10302.64
1/14/2023,235.90,18238.29
1/13/2023,150.32,9983.22
1/12/2023,200.69,19292.89
1/11/2023,174.95,12635.85
1/10/2023,240.82,14149.35
1/9/2023,160.13,11797.93
1/8/2023,142.62,7031.04
1/7/2023,153.81,7863.20
1/6/2023,254.45,16503.06
1/5/2023,286.38,9595.75
1/4/2023,215.27,11506.42
1/3/2023,159.17,10358.74
1/2/2023,88.17,5117.38
1/1/2023,219.04,4935.82
12/31/2022,145.02,7989.72
12/30/2022,253.32,14559.83
12/29/2022,280.79,14255.23
12/28/2022,243.04,13820.16
12/27/2022,135.08,8035.77
12/26/2022,111.93,10533.15
12/25/2022,298.75,15937.12
12/24/2022,282.92,18973.06
12/23/2022,222.49,5040.85
12/22/2022,236.54,14714.60
12/21/2022,296.03,17557.96
12/20/2022,245.76,16334.28
12/19/2022,100.57,7032.51
12/18/2022,271.83,13159.44
12/17/2022,279.07,15405.04
12/16/2022,186.44,7668.48
12/15/2022,238.52,10682.63
12/14/2022,228.45,13347.13
12/13/2022,169.53,12194.86
12/12/2022,267.89,12026.46
12/11/2022,294.77,17015.79
12/10/2022,249.94,12877.25
12/9/2022,138.05,8213.80
12/8/2022,221.81,8074.41
12/7/2022,258.62,13314.30
12/6/2022,281.46,13938.96
12/5/2022,299.49,15280.44
12/4/2022,163.30,12865.72
12/3/2022,136.28,13164.64
12/2/2022,112.35,7558.10
12/1/2022,174.48,10537.51
11/30/2022,186.54,12243.43
11/29/2022,184.21,11320.04
11/28/2022,170.27,10376.00
11/27/2022,220.59,15254.56
11/26/2022,98.34,5357.70
11/25/2022,269.14,7497.26
11/24/2022,191.09,15648.60
11/23/2022,192.54,7369.03
11/22/2022,153.47,8760.60
11/21/2022,248.36,9260.95
11/20/2022,208.36,13668.51
11/19/2022,95.77,6833.09
11/18/2022,270.44,19335.10
11/17/2022,160.82,9525.35
11/16/2022,175.96,8522.25
11/15/2022,154.67,13377.19
11/14/2022,219.24,16728.69
11/13/2022,214.03,8608.97
11/12/2022,185.63,9109.52
11/11/2022,189.78,10550.85
11/10/2022,228.48,12656.45
11/9/2022,231.63,10192.29
11/8/2022,266.07,16862.60
11/7/2022,238.73,14179.75
11/6/2022,239.97,14276.47
11/5/2022,201.47,10137.56
11/4/2022,213.19,13270.79
11/3/2022,164.34,11836.59
11/2/2022,199.75,10503.45
11/1/2022,181.95,10687.59
10/31/2022,197.84,9446.18
10/30/2022,221.99,14151.45
10/29/2022,211.25,7885.82
10/28/2022,176.73,10603.85
10/27/2022,175.02,13156.96
10/26/2022,289.51,12409.44
10/25/2022,192.25,14218.25
10/24/2022,193.67,11309.49
10/23/2022,163.81,9825.49
10/22/2022,205.93,14763.02
10/21/2022,155.69,10418.21
10/20/2022,179.16,12198.12
10/19/2022,293.14,18615.94
10/18/2022,274.49,15445.86
10/17/2022,227.35,10548.39
10/16/2022,281.03,14799.50
10/15/2022,237.36,10675.10
10/14/2022,202.95,11508.86
10/13/2022,173.42,9782.46
10/12/2022,222.38,16525.93
10/11/2022,291.31,10769.99
10/10/2022,193.16,11393.75
10/9/2022,263.48,11752.62
10/8/2022,221.09,12857.20
10/7/2022,241.54,14074.34
10/6/2022,235.30,12121.85
10/5/2022,220.02,12312.55
10/4/2022,268.46,14373.54
10/3/2022,244.70,18344.98
10/2/2022,234.28,9256.48
10/1/2022,165.18,14165.09
9/30/2022,251.43,15288.65
9/29/2022,154.21,8333.57
9/28/2022,195.51,7777.11
9/27/2022,112.48,9243.78
9/26/2022,229.81,8286.16
9/25/2022,231.22,16860.81
9/24/2022,245.86,11391.99
9/23/2022,187.82,8638.25
9/22/2022,237.77,16480.96
9/21/2022,289.23,22785.97
9/20/2022,187.09,13806.49
9/19/2022,285.47,14144.20
9/18/2022,207.48,12068.37
9/17/2022,208.74,15207.27
9/16/2022,225.58,9604.02
9/15/2022,140.45,13819.36
9/14/2022,223.73,11451.21
9/13/2022,188.50,13088.25
9/12/2022,264.30,14649.56
9/11/2022,160.44,11737.48
9/10/2022,216.92,13487.90
9/9/2022,156.82,7910.13
9/8/2022,209.65,13604.23
9/7/2022,134.32,10411.02
9/6/2022,137.57,8392.24
9/5/2022,270.98,16143.71
9/4/2022,155.71,10420.50
9/3/2022,163.04,8638.84
9/2/2022,125.27,6679.64
9/1/2022,282.15,14904.95
8/31/2022,182.88,13979.93
8/30/2022,183.15,13534.89
8/29/2022,272.21,17940.88
8/28/2022,163.63,12968.42
8/27/2022,225.13,8817.13
8/26/2022,292.42,15074.16
8/25/2022,152.14,17068.46
8/24/2022,165.72,12338.04
8/23/2022,275.82,16204.58
8/22/2022,259.02,16720.99
8/21/2022,170.24,13028.16
8/20/2022,183.80,14014.84
8/19/2022,251.75,13846.38
8/18/2022,213.32,11443.96
8/17/2022,164.63,10845.56
8/16/2022,240.76,12043.66
8/15/2022,170.92,10439.19
8/14/2022,251.45,14771.40
8/13/2022,253.77,15488.53
8/12/2022,202.57,12614.18
8/11/2022,148.68,8668.08
8/10/2022,164.58,14966.35
8/9/2022,294.42,15104.01
8/8/2022,210.50,12093.74
8/7/2022,145.76,10937.55
8/6/2022,251.89,14920.35
8/5/2022,216.78,14203.20
8/4/2022,266.38,13186.73
8/3/2022,210.39,9618.02
8/2/2022,208.07,12446.66
8/1/2022,229.71,12127.32
7/31/2022,182.47,16228.15
7/30/2022,246.35,13816.92
7/29/2022,203.12,13860.83
7/28/2022,170.85,12060.24
7/27/2022,175.61,8338.66
7/26/2022,243.30,13060.98
7/25/2022,147.63,12287.63
7/24/2022,194.13,16405.45
7/23/2022,238.02,14101.16
7/22/2022,178.22,8270.19
7/21/2022,186.22,9467.03
7/20/2022,237.23,13024.73
7/19/2022,252.59,15724.03
7/18/2022,185.42,10346.58
7/17/2022,182.15,9982.81
7/16/2022,203.71,13811.13
7/15/2022,230.67,6542.70
7/14/2022,287.29,16227.28
7/13/2022,214.10,9787.45
7/12/2022,242.01,15339.02
7/11/2022,233.06,11122.15
7/10/2022,216.29,13707.49
7/9/2022,283.22,20064.00
7/8/2022,155.94,10607.41
7/7/2022,286.70,15727.46
7/6/2022,191.44,12401.06
7/5/2022,185.73,9041.84
7/4/2022,228.49,6348.02
7/3/2022,159.55,8613.89
7/2/2022,254.29,17378.97
7/1/2022,208.04,12294.88
6/30/2022,235.60,8209.87
6/29/2022,163.82,9771.17
6/28/2022,235.01,10562.26
6/27/2022,104.74,9489.27
6/26/2022,222.94,11792.85
6/25/2022,262.92,15074.41
6/24/2022,169.07,10229.71
6/23/2022,246.35,14530.81
6/22/2022,265.38,16884.58
6/21/2022,143.75,5942.36
6/20/2022,144.36,12351.65
6/19/2022,88.10,7146.09
6/18/2022,222.16,12842.74
6/17/2022,229.82,15479.23
6/16/2022,222.23,15388.81
6/15/2022,141.11,9120.99
6/14/2022,234.96,11304.54
6/13/2022,288.46,17508.40
6/12/2022,293.63,15001.18
6/11/2022,254.55,12603.69
6/10/2022,92.16,9351.03
6/9/2022,247.57,17156.35
6/8/2022,212.22,15689.26
6/7/2022,89.52,10273.31
6/6/2022,142.13,11180.26
6/5/2022,99.85,10816.28
6/4/2022,233.37,13884.57
6/3/2022,184.31,12285.77
6/2/2022,131.61,9416.16
6/1/2022,151.38,8404.06
5/31/2022,206.21,10356.53
5/30/2022,250.07,14427.21
5/29/2022,278.36,14494.92
5/28/2022,216.04,10354.91
5/27/2022,247.69,15438.33
5/26/2022,246.12,12849.49
5/25/2022,231.95,9173.67
5/24/2022,265.41,14799.71
5/23/2022,299.71,16189.72
5/22/2022,243.96,11677.83
5/21/2022,155.07,7616.99
5/20/2022,170.11,9829.71
5/19/2022,250.38,13749.09
5/18/2022,234.85,6605.90
5/17/2022,169.52,10407.07
5/16/2022,205.46,10930.17
5/15/2022,285.29,17248.69
5/14/2022,235.78,14636.73
5/13/2022,192.49,12192.42
5/12/2022,278.25,12009.68
5/11/2022,172.15,9078.08
5/10/2022,207.31,11608.16
5/9/2022,262.69,12835.83
5/8/2022,221.69,11468.36
5/7/2022,210.59,9527.67
5/6/2022,145.96,12182.76
5/5/2022,256.65,11667.60
5/4/2022,289.14,15380.15
5/3/2022,226.67,12090.24
5/2/2022,160.08,10861.48
5/1/2022,191.21,10800.33
4/30/2022,298.93,16130.13
4/29/2022,145.74,13606.86
4/28/2022,171.39,9359.01
4/27/2022,203.23,16476.93
4/26/2022,235.28,13654.09
4/25/2022,223.33,12744.75
4/24/2022,199.83,10841.27
4/23/2022,163.23,9754.50
4/22/2022,130.43,6678.50
4/21/2022,260.40,15779.84
4/20/2022,171.35,13156.17
4/19/2022,232.17,14474.46
4/18/2022,134.89,11287.18
4/17/2022,214.31,6704.05
4/16/2022,248.27,13128.27
4/15/2022,143.36,9114.56
4/14/2022,194.14,11533.16
4/13/2022,150.82,11876.77
4/12/2022,280.96,15984.42
4/11/2022,155.88,8532.29
4/10/2022,252.50,12328.95
4/9/2022,185.10,10877.51
4/8/2022,196.98,14110.62
4/7/2022,108.97,4139.02
4/6/2022,275.52,15406.36
4/5/2022,203.92,11410.46
4/4/2022,162.67,11083.95
4/3/2022,244.52,11081.61
4/2/2022,160.90,10798.40
4/1/2022,165.91,13338.37
3/31/2022,150.47,16720.43
3/30/2022,238.29,10083.96
3/29/2022,189.47,10924.25
3/28/2022,244.62,14467.21
3/27/2022,243.32,13258.95
3/26/2022,178.12,8800.74
3/25/2022,159.65,9705.85
3/24/2022,143.63,10103.12
3/23/2022,114.37,7285.45
3/22/2022,187.87,13944.35
3/21/2022,185.14,9849.42
3/20/2022,203.93,12683.09
3/19/2022,202.99,7473.65
3/18/2022,209.33,14873.60
3/17/2022,129.49,8679.67
3/16/2022,110.85,9031.33
3/15/2022,235.89,15764.16
3/14/2022,198.40,13240.61
3/13/2022,209.51,11785.31
3/12/2022,166.71,10732.99
3/11/2022,134.32,7848.16
3/10/2022,293.40,16501.90
3/9/2022,158.32,11494.10
3/8/2022,237.83,7820.05
3/7/2022,298.54,10595.87
3/6/2022,175.99,10464.55
3/5/2022,221.11,13180.67
3/4/2022,146.39,7155.59
3/3/2022,293.93,18014.47
3/2/2022,89.64,8504.15
3/1/2022,254.87,18045.83
2/28/2022,152.65,13814.10
2/27/2022,190.88,13404.80
2/26/2022,211.72,9579.34
2/25/2022,294.15,13918.61
2/24/2022,186.73,12774.56
2/23/2022,233.14,12717.42
2/22/2022,230.44,8390.89
2/21/2022,161.61,11774.63
2/20/2022,208.84,9401.56
2/19/2022,208.33,9619.75
2/18/2022,242.07,11336.05
2/17/2022,257.03,16716.49
2/16/2022,156.41,12105.15
2/15/2022,246.85,11423.60
2/14/2022,298.91,12910.51
2/13/2022,163.45,11703.51
2/12/2022,236.90,12367.64
2/11/2022,244.36,15258.05
2/10/2022,180.59,12063.59
2/9/2022,150.85,13860.55
2/8/2022,241.04,7515.82
2/7/2022,224.54,15338.36
2/6/2022,262.38,14093.09
2/5/2022,217.48,15119.42
2/4/2022,209.67,15584.46
2/3/2022,227.09,15071.84
2/2/2022,198.94,14306.41
2/1/2022,161.25,14230.00
1/31/2022,289.30,19130.88
1/30/2022,128.05,6097.74
1/29/2022,156.36,9565.76
1/28/2022,292.73,18580.97
1/27/2022,151.48,11503.13
1/26/2022,129.72,7260.52
1/25/2022,200.60,15759.41
1/24/2022,182.72,12379.10
1/23/2022,248.01,14882.12
1/22/2022,220.31,5958.07
1/21/2022,170.26,11569.21
1/20/2022,116.42,9867.60
1/19/2022,197.91,12788.71
1/18/2022,155.36,9836.37
1/17/2022,237.41,13274.50
1/16/2022,245.76,7944.61
1/15/2022,212.16,10056.70
1/14/2022,230.42,8248.38
1/13/2022,230.92,13057.03
1/12/2022,209.91,9311.48
1/11/2022,189.37,8918.64
1/10/2022,128.49,5281.60
1/9/2022,231.58,11316.69
1/8/2022,266.76,12004.35
1/7/2022,145.76,14124.82
1/6/2022,133.48,9467.90
1/5/2022,249.72,14100.88
1/4/2022,176.82,8870.13
1/3/2022,227.16,8844.66
1/2/2022,97.51,6206.24
1/1/2022,160.91,11479.10
12/31/2021,290.88,15046.61
12/30/2021,203.43,11930.35
12/29/2021,290.91,11491.54
12/28/2021,224.73,13941.98
12/27/2021,177.77,11188.90
12/26/2021,136.81,6166.01
12/25/2021,162.61,8987.07
12/24/2021,236.24,11373.63
12/23/2021,190.48,12570.55
12/22/2021,200.45,10318.20
12/21/2021,207.71,13780.93
12/20/2021,157.32,7878.67
12/19/2021,282.78,17371.05
12/18/2021,258.78,16296.85
12/17/2021,209.71,12540.32
12/16/2021,249.08,14636.96
12/15/2021,218.08,14009.10
12/14/2021,172.52,5517.89
12/13/2021,229.81,15796.65
12/12/2021,210.00,13925.31
12/11/2021,275.02,13258.22
12/10/2021,164.92,11696.22
12/9/2021,213.83,16403.64
12/8/2021,165.95,8078.11
12/7/2021,141.29,8002.64
12/6/2021,89.75,4899.59
12/5/2021,286.26,14733.16
12/4/2021,179.52,8644.81
12/3/2021,240.56,10565.25
12/2/2021,167.19,9866.29
12/1/2021,205.84,12903.96
11/30/2021,200.20,10965.46
11/29/2021,205.36,11605.22
11/28/2021,170.52,8299.19
11/27/2021,174.92,10563.25
11/26/2021,296.67,17127.33
11/25/2021,165.38,13980.43
11/24/2021,262.30,15339.85
11/23/2021,168.45,9592.60
11/22/2021,144.49,8729.80
11/21/2021,99.47,6395.69
11/20/2021,249.78,10779.69
11/19/2021,205.48,13620.77
11/18/2021,209.03,18997.82
11/17/2021,142.40,10458.41
11/16/2021,245.11,16379.92
11/15/2021,190.02,13006.06
11/14/2021,175.38,13762.80
11/13/2021,291.69,13372.84
11/12/2021,239.97,12468.12
11/11/2021,146.83,9151.78
11/10/2021,261.56,13360.99
11/9/2021,147.72,11306.55
11/8/2021,241.09,12959.98
11/7/2021,139.29,8792.46
11/6/2021,169.07,4478.99
11/5/2021,101.59,12222.91
11/4/2021,195.65,12867.29
11/3/2021,209.44,14497.01
11/2/2021,200.69,11038.31
11/1/2021,174.93,12291.36
10/31/2021,167.04,11615.11
10/30/2021,109.98,13766.62
10/29/2021,283.15,12581.59
10/28/2021,149.28,8233.86
10/27/2021,135.85,8277.67
10/26/2021,129.76,10309.88
10/25/2021,247.84,14207.52
10/24/2021,241.50,16286.50
10/23/2021,190.73,13101.04
10/22/2021,297.92,14493.16
10/21/2021,217.02,16561.03
10/20/2021,214.68,18070.09
10/19/2021,265.09,13064.26
10/18/2021,188.71,10565.71
10/17/2021,207.22,14192.15
10/16/2021,245.41,12678.78
10/15/2021,225.63,12953.42
10/14/2021,245.74,10307.37
10/13/2021,161.03,11208.36
10/12/2021,164.70,13031.79
10/11/2021,154.77,10447.57
10/10/2021,170.65,10727.34
10/9/2021,156.77,8498.23
10/8/2021,164.22,10192.68
10/7/2021,166.88,13102.75
10/6/2021,207.20,10010.29
10/5/2021,243.30,14423.78
10/4/2021,224.50,14152.97
10/3/2021,167.55,6145.89
10/2/2021,211.00,8290.81
10/1/2021,214.14,12598.84
9/30/2021,173.13,10896.08
9/29/2021,170.96,12719.57
9/28/2021,166.74,15802.04
9/27/2021,158.43,14914.56
9/26/2021,166.88,8282.40
9/25/2021,175.05,13963.34
9/24/2021,295.93,15647.02
9/23/2021,141.29,9141.73
9/22/2021,196.15,11004.33
9/21/2021,237.98,15538.10
9/20/2021,132.10,8227.02
9/19/2021,122.34,9052.16
9/18/2021,272.75,14230.63
9/17/2021,176.99,8319.13
9/16/2021,164.37,7317.81
9/15/2021,263.61,16920.29
9/14/2021,146.02,9906.60
9/13/2021,206.00,11983.52
9/12/2021,216.29,15372.60
9/11/2021,295.22,13930.11
9/10/2021,220.07,8669.84
9/9/2021,110.13,9195.44
9/8/2021,283.74,17133.36
9/7/2021,144.17,9550.44
9/6/2021,248.02,7798.26
9/5/2021,196.05,7139.28
9/4/2021,221.28,11957.29
9/3/2021,92.26,2188.88
9/2/2021,242.77,13213.64
9/1/2021,163.96,11377.67
8/31/2021,165.72,11507.17
8/30/2021,237.88,15276.20
8/29/2021,254.09,13578.03
8/28/2021,235.21,16134.30
8/27/2021,187.32,9178.05
8/26/2021,231.47,10654.06
8/25/2021,259.17,15340.15
8/24/2021,177.82,9664.32
8/23/2021,209.56,14115.32
8/22/2021,169.51,8983.33
8/21/2021,215.53,14607.09
8/20/2021,198.75,14796.36
8/19/2021,249.99,4651.43
8/18/2021,171.35,7487.49
8/17/2021,232.74,12983.82
8/16/2021,180.83,15028.78
8/15/2021,180.05,9826.83
8/14/2021,144.02,11739.31
8/13/2021,209.18,12181.62
8/12/2021,198.58,9000.71
8/11/2021,232.05,10208.37
8/10/2021,153.80,6612.95
8/9/2021,160.52,15940.62
8/8/2021,190.50,12312.01
8/7/2021,187.49,19266.96
8/6/2021,183.23,10773.74
8/5/2021,236.91,13968.11
8/4/2021,165.10,10174.96
8/3/2021,221.11,10807.99
8/2/2021,225.94,12298.42
8/1/2021,188.40,13974.97
7/31/2021,241.97,15210.20
7/30/2021,166.15,9257.70
7/29/2021,268.40,15013.34
7/28/2021,162.99,12641.90
7/27/2021,194.42,13650.77
7/26/2021,256.86,14484.47
7/25/2021,216.41,12239.58
7/24/2021,144.47,9953.41
7/23/2021,249.32,14949.16
7/22/2021,297.25,17526.06
7/21/2021,158.28,11002.10
7/20/2021,178.06,12253.93
7/19/2021,105.18,12220.78
7/18/2021,213.53,11525.24
7/17/2021,247.08,11091.19
7/16/2021,126.55,10658.42
7/15/2021,161.44,15232.15
7/14/2021,156.08,12388.22
7/13/2021,211.46,11542.42
7/12/2021,184.19,12357.58
7/11/2021,274.20,18412.13
7/10/2021,189.29,9814.80
7/9/2021,223.90,11608.98
7/8/2021,210.80,8967.52
7/7/2021,266.82,14485.82
7/6/2021,209.13,11651.47
7/5/2021,160.12,8776.32
7/4/2021,223.80,10866.79
7/3/2021,232.28,13493.06
7/2/2021,168.63,14889.17
7/1/2021,267.21,17575.46
6/30/2021,234.20,7896.15
6/29/2021,271.18,15330.73
6/28/2021,178.70,12628.15
6/27/2021,263.15,17562.92
6/26/2021,281.79,15566.65
6/25/2021,207.71,12399.74
6/24/2021,269.47,14992.09
6/23/2021,199.21,13660.88
6/22/2021,223.25,12285.73
6/21/2021,167.46,11649.72
6/20/2021,175.64,7988.06
6/19/2021,184.56,9222.53
6/18/2021,206.12,13131.57
6/17/2021,229.90,11426.13
6/16/2021,107.49,7148.84
6/15/2021,243.05,12101.88
6/14/2021,254.45,15158.96
6/13/2021,137.43,12426.17
6/12/2021,133.28,5769.51
6/11/2021,265.79,15642.26
6/10/2021,236.91,9697.78
6/9/2021,90.79,11080.52
6/8/2021,247.15,10844.38
6/7/2021,111.86,8529.58
6/6/2021,261.17,19817.22
6/5/2021,105.10,9363.49
6/4/2021,281.52,16494.35
6/3/2021,108.29,10637.65
6/2/2021,188.13,7724.82
6/1/2021,176.10,10593.37
5/31/2021,219.51,16000.20
5/30/2021,191.46,11361.23
5/29/2021,246.19,12114.41
5/28/2021,224.33,11925.48
5/27/2021,135.31,8326.96
5/26/2021,259.48,13597.45
5/25/2021,214.87,11734.38
5/24/2021,266.17,13533.72
5/23/2021,133.06,9726.89
5/22/2021,91.82,14644.44
5/21/2021,214.37,14408.84
5/20/2021,176.72,9703.00
5/19/2021,118.76,12239.43
5/18/2021,107.82,7229.66
5/17/2021,99.70,3299.27
5/16/2021,128.75,8616.21
5/15/2021,201.34,11299.96
5/14/2021,167.91,9741.34
5/13/2021,246.74,15517.06
5/12/2021,211.66,9990.58
5/11/2021,299.16,11723.87
5/10/2021,118.87,8982.21
5/9/2021,215.73,7856.75
5/8/2021,272.74,17681.32
5/7/2021,243.25,7858.78
5/6/2021,151.28,8830.96
5/5/2021,124.20,6792.13
5/4/2021,130.21,6562.51
5/3/2021,266.33,10937.28
5/2/2021,160.66,13184.22
5/1/2021,158.92,10386.29
4/30/2021,140.55,8402.94
4/29/2021,255.18,17218.28
4/28/2021,174.67,10052.21
4/27/2021,208.08,5248.73
4/26/2021,155.87,8469.96
4/25/2021,255.10,17022.31
4/24/2021,192.32,14484.95
4/23/2021,213.16,11077.01
4/22/2021,209.81,9248.21
4/21/2021,257.24,9338.53
4/20/2021,231.59,13383.51
4/19/2021,225.43,13347.19
4/18/2021,224.53,9975.90
4/17/2021,219.82,11828.18
4/16/2021,279.26,11002.00
4/15/2021,265.89,12693.76
4/14/2021,168.10,8597.03
4/13/2021,203.75,13811.04
4/12/2021,219.91,11721.04
4/11/2021,253.77,15204.53
4/10/2021,198.70,12392.54
4/9/2021,222.14,9797.04
4/8/2021,165.99,11000.10
4/7/2021,87.85,9757.99
4/6/2021,205.50,12497.16
4/5/2021,289.14,17948.88
4/4/2021,287.58,20064.08
4/3/2021,209.35,10630.01
4/2/2021,227.55,17373.53
4/1/2021,174.64,12852.82
3/31/2021,179.33,8399.38
3/30/2021,214.23,6731.91
3/29/2021,149.51,10715.20
3/28/2021,143.96,12101.90
3/27/2021,289.97,15460.73
3/26/2021,143.34,11179.88
3/25/2021,127.07,7228.43
3/24/2021,225.88,15776.34
3/23/2021,263.87,17993.92
3/22/2021,186.30,12375.28
3/21/2021,200.68,9359.57
3/20/2021,184.77,14240.20
3/19/2021,98.23,6104.69
3/18/2021,299.80,13256.43
3/17/2021,194.79,13248.12
3/16/2021,272.05,14717.75
3/15/2021,152.72,10496.89
3/14/2021,169.63,12643.05
3/13/2021,154.16,13882.98
3/12/2021,177.35,10657.70
3/11/2021,252.97,14425.61
3/10/2021,181.88,11207.23
3/9/2021,244.79,14839.88
3/8/2021,215.11,14785.40
3/7/2021,177.76,13239.85
3/6/2021,229.24,13337.16
3/5/2021,153.37,13759.72
3/4/2021,219.71,13940.94
3/3/2021,212.83,11406.53
3/2/2021,212.27,11927.45
3/1/2021,229.70,13301.75
2/28/2021,169.41,12533.84
2/27/2021,126.28,7364.23
2/26/2021,256.77,13719.70
2/25/2021,213.23,12479.48
2/24/2021,188.94,11544.93
2/23/2021,205.11,13535.84
2/22/2021,154.37,8574.82
2/21/2021,208.85,14373.12
2/20/2021,220.57,14183.92
2/19/2021,270.15,17473.22
2/18/2021,182.58,13313.22
2/17/2021,210.34,10698.39
2/16/2021,258.48,13646.49
2/15/2021,234.78,15491.31
2/14/2021,180.16,12377.69
2/13/2021,299.35,16009.31
2/12/2021,158.48,10416.47
2/11/2021,170.93,15094.86
2/10/2021,243.76,13839.05
2/9/2021,299.27,17417.41
2/8/2021,160.58,11114.11
2/7/2021,181.73,10382.04
2/6/2021,115.70,7127.86
2/5/2021,178.99,6071.99
2/4/2021,225.82,12355.49
2/3/2021,221.36,10369.86
2/2/2021,211.02,12357.67
2/1/2021,163.81,9885.08
1/31/2021,239.98,15393.90
1/30/2021,128.28,6798.12
1/29/2021,195.79,14033.50
1/28/2021,183.14,10035.94
1/27/2021,262.12,15536.80
1/26/2021,195.87,12297.35
1/25/2021,172.35,15577.45
1/24/2021,139.45,6354.81
1/23/2021,255.84,14781.17
1/22/2021,281.12,13451.78
1/21/2021,149.20,5918.26
1/20/2021,185.55,13276.55
1/19/2021,129.40,7907.05
1/18/2021,163.11,10025.02
1/17/2021,157.24,7760.40
1/16/2021,227.76,12804.31
1/15/2021,189.10,18356.01
1/14/2021,189.14,17599.50
1/13/2021,147.11,11814.63
1/12/2021,168.59,10733.20
1/11/2021,204.45,15166.99
1/10/2021,192.57,6186.04
1/9/2021,107.59,8923.96
1/8/2021,141.72,9323.89
1/7/2021,185.80,12839.32
1/6/2021,215.89,12117.07
1/5/2021,194.44,9755.43
1/4/2021,295.38,12345.63
1/3/2021,166.31,10185.16
1/2/2021,199.92,16315.07
1/1/2021,189.24,10682.34
12/31/2020,228.86,11650.95
12/30/2020,215.46,8599.47
12/29/2020,141.28,6594.02
12/28/2020,156.49,10391.52
12/27/2020,205.20,10947.21
12/26/2020,154.54,10724.45
12/25/2020,143.75,13495.45
12/24/2020,124.13,9701.41
12/23/2020,130.06,8575.68
12/22/2020,157.98,12738.85
12/21/2020,138.38,11755.26
12/20/2020,177.23,12285.17
12/19/2020,175.84,13341.92
12/18/2020,189.86,10806.22
12/17/2020,258.52,12942.49
12/16/2020,195.84,11675.81
12/15/2020,253.08,16894.29
12/14/2020,165.45,11507.67
12/13/2020,281.18,10598.79
12/12/2020,134.45,13049.17
12/11/2020,200.58,11166.98
12/10/2020,214.46,14278.70
12/9/2020,238.45,9611.37
12/8/2020,94.31,9828.03
12/7/2020,275.06,13487.47
12/6/2020,265.84,18047.20
12/5/2020,257.71,16315.42
12/4/2020,178.55,15290.91
12/3/2020,172.26,8346.20
12/2/2020,97.66,12640.26
12/1/2020,147.89,12953.82
11/30/2020,116.63,7281.52
11/29/2020,262.20,15673.88
11/28/2020,188.11,12891.42
11/27/2020,296.36,21462.24
11/26/2020,132.98,5851.02
11/25/2020,177.45,10303.65
11/24/2020,185.02,11726.91
11/23/2020,296.07,15933.89
11/22/2020,236.22,15768.00
11/21/2020,298.56,15535.86
11/20/2020,189.78,15706.23
11/19/2020,224.09,6194.96
11/18/2020,91.50,11618.99
11/17/2020,162.89,13023.19
11/16/2020,291.13,15266.12
11/15/2020,188.40,14258.80
11/14/2020,108.71,6137.54
11/13/2020,139.10,10802.27
11/12/2020,126.21,10967.01
11/11/2020,268.77,13961.97
11/10/2020,156.23,14146.67
11/9/2020,160.73,12579.01
11/8/2020,174.44,13178.63
11/7/2020,167.32,7424.19
11/6/2020,188.94,11829.59
11/5/2020,152.38,8414.84
11/4/2020,181.72,12367.68
11/3/2020,207.38,9625.89
11/2/2020,139.52,13346.82
11/1/2020,166.74,14206.48
10/31/2020,240.00,9677.28
10/30/2020,266.87,14273.88
10/29/2020,182.37,11648.31
10/28/2020,154.56,11740.49
10/27/2020,280.61,17540.70
10/26/2020,273.81,11400.08
10/25/2020,212.63,9164.19
10/24/2020,189.13,9199.15
10/23/2020,220.85,9416.25
10/22/2020,184.12,13139.26
10/21/2020,233.66,15395.06
10/20/2020,232.23,15714.14
10/19/2020,201.51,13812.14
10/18/2020,165.29,11492.29
10/17/2020,248.05,12302.29
10/16/2020,206.47,14428.45
10/15/2020,239.59,16198.65
10/14/2020,134.21,5612.59
10/13/2020,173.99,9536.79
10/12/2020,214.47,11374.01
10/11/2020,130.29,6893.61
10/10/2020,107.19,9630.16
10/9/2020,228.51,11082.93
10/8/2020,254.00,15146.30
10/7/2020,176.01,11446.52
10/6/2020,227.63,15188.18
10/5/2020,151.53,8087.51
10/4/2020,198.90,8751.88
10/3/2020,273.89,13066.57
10/2/2020,227.55,13077.46
10/1/2020,223.11,12180.20
9/30/2020,122.52,10278.68
9/29/2020,249.94,11653.40
9/28/2020,183.20,11464.83
9/27/2020,233.62,13288.36
9/26/2020,224.98,13234.38
9/25/2020,149.74,10427.18
9/24/2020,109.11,7558.27
9/23/2020,181.95,11462.25
9/22/2020,271.48,13920.45
9/21/2020,166.28,11349.71
9/20/2020,156.86,16609.40
9/19/2020,151.64,11633.20
9/18/2020,161.06,14067.98
9/17/2020,145.23,10401.74
9/16/2020,246.48,10987.77
9/15/2020,171.80,6502.66
9/14/2020,247.18,15167.56
9/13/2020,139.23,9933.57
9/12/2020,205.36,12619.91
9/11/2020,244.47,9283.61
9/10/2020,231.36,12887.66
9/9/2020,224.23,12444.02
9/8/2020,135.03,11312.21
9/7/2020,281.95,13948.33
9/6/2020,129.52,6014.02
9/5/2020,154.92,6035.44
9/4/2020,189.11,16529.23
9/3/2020,146.01,8765.72
9/2/2020,208.43,12654.68
9/1/2020,153.02,12031.06
8/31/2020,137.87,8295.93
8/30/2020,167.00,10428.96
8/29/2020,194.23,8065.71
8/28/2020,248.49,18558.74
8/27/2020,214.07,12077.98
8/26/2020,145.45,11940.98
8/25/2020,197.89,9734.01
8/24/2020,180.26,11292.95
8/23/2020,128.83,9528.18
8/22/2020,239.76,13808.77
8/21/2020,175.26,13329.98
8/20/2020,252.48,13121.55
8/19/2020,109.90,10827.85
8/18/2020,132.56,12032.21
8/17/2020,231.58,8342.91
8/16/2020,155.62,14519.18
8/15/2020,168.77,8682.01
8/14/2020,222.17,12691.49
8/13/2020,225.18,13937.12
8/12/2020,215.74,14881.95
8/11/2020,214.92,12730.77
8/10/2020,239.38,16029.11
8/9/2020,179.85,13417.36
8/8/2020,247.40,7962.32
8/7/2020,182.86,10869.86
8/6/2020,272.33,9517.65
8/5/2020,143.85,7058.75
8/4/2020,221.41,15600.32
8/3/2020,193.99,10892.60
8/2/2020,270.96,14465.89
8/1/2020,179.78,15360.75
7/31/2020,121.13,9252.23
7/30/2020,217.21,11111.87
7/29/2020,145.27,9967.11
7/28/2020,188.81,11219.08
7/27/2020,235.93,14931.76
7/26/2020,190.77,8936.32
7/25/2020,212.85,14984.77
7/24/2020,232.43,14479.41
7/23/2020,248.68,13439.15
7/22/2020,219.71,11788.40
7/21/2020,198.27,16026.06
7/20/2020,129.79,11432.64
7/19/2020,157.82,4513.15
7/18/2020,291.73,16084.84
7/17/2020,237.59,8934.63
7/16/2020,182.83,9328.16
7/15/2020,172.55,14005.17
7/14/2020,284.99,13189.75
7/13/2020,269.26,12682.73
7/12/2020,199.98,14054.64
7/11/2020,140.20,9948.19
7/10/2020,133.49,12842.37
7/9/2020,202.53,12553.80
7/8/2020,210.20,16389.74
7/7/2020,154.35,11868.18
7/6/2020,113.33,7087.00
7/5/2020,138.59,9371.00
7/4/2020,224.01,12711.87
7/3/2020,126.42,3662.96
7/2/2020,170.60,12002.89
7/1/2020,107.65,8728.92
6/30/2020,134.30,6428.08
6/29/2020,242.16,14792.63
6/28/2020,159.28,11964.92
6/27/2020,122.50,8647.46
6/26/2020,180.22,11520.63
6/25/2020,262.69,18554.96
6/24/2020,156.89,7791.83
6/23/2020,126.15,12853.27
6/22/2020,290.91,16123.52
6/21/2020,173.10,14807.46
6/20/2020,251.37,13329.72
6/19/2020,167.78,10521.70
6/18/2020,144.67,13058.65
6/17/2020,164.03,5682.71
6/16/2020,97.70,12415.34
6/15/2020,177.06,13555.45
6/14/2020,190.95,15582.38
6/13/2020,224.24,15379.73
6/12/2020,143.05,11146.91
6/11/2020,240.84,14791.47
6/10/2020,144.00,12861.82
6/9/2020,190.77,14037.35
6/8/2020,183.52,9195.33
6/7/2020,261.62,13567.98
6/6/2020,297.97,14781.03
6/5/2020,245.69,15591.42
6/4/2020,247.22,14276.21
6/3/2020,258.37,17608.37
6/2/2020,242.63,12827.59
6/1/2020,221.20,16572.45
5/31/2020,174.24,11335.63
5/30/2020,208.96,11747.44
5/29/2020,204.08,12206.23
5/28/2020,177.65,8689.44
5/27/2020,259.58,14355.04
5/26/2020,195.99,13157.28
5/25/2020,126.53,13362.48
5/24/2020,157.09,5930.69
5/23/2020,247.40,11839.81
5/22/2020,270.75,12885.54
5/21/2020,176.41,9566.51
5/20/2020,291.24,18452.22
5/19/2020,283.09,14236.74
5/18/2020,269.84,15081.90
5/17/2020,136.62,7654.19
5/16/2020,163.18,8374.43
5/15/2020,182.68,13512.27
5/14/2020,207.54,12538.05
5/13/2020,190.62,8470.59
5/12/2020,234.43,14704.82
5/11/2020,185.20,13757.86
5/10/2020,258.23,16679.25
5/9/2020,153.06,13180.50
5/8/2020,222.03,13717.48
5/7/2020,282.99,11653.52
5/6/2020,163.16,8490.80
5/5/2020,172.74,12119.69
5/4/2020,172.87,10998.88
5/3/2020,168.03,17634.58
5/2/2020,270.70,20032.60
5/1/2020,297.70,18191.21
4/30/2020,165.37,10733.30
4/29/2020,152.71,12128.54
4/28/2020,228.60,16564.34
4/27/2020,208.59,10126.27
4/26/2020,164.20,10469.86
4/25/2020,288.85,14908.49
4/24/2020,156.46,7304.77
4/23/2020,271.85,12797.50
4/22/2020,200.78,12968.41
4/21/2020,193.27,13696.14
4/20/2020,188.76,12930.85
4/19/2020,176.90,12818.62
4/18/2020,127.74,2540.84
4/17/2020,163.44,11110.19
4/16/2020,235.50,11781.47
4/15/2020,219.97,11253.12
4/14/2020,202.11,10559.02
4/13/2020,179.52,13524.24
4/12/2020,221.57,14277.61
4/11/2020,200.23,10935.28
4/10/2020,229.90,5408.70
4/9/2020,243.57,14865.86
4/8/2020,158.34,9427.67
4/7/2020,137.56,14734.89
4/6/2020,236.20,11992.20
4/5/2020,160.07,10437.27
4/4/2020,211.77,12120.90
4/3/2020,287.98,16668.24
4/2/2020,223.12,15672.59
4/1/2020,249.16,13567.14
3/31/2020,135.13,12187.29
3/30/2020,243.91,14070.63
3/29/2020,195.89,13042.94
3/28/2020,112.56,11445.30
3/27/2020,116.27,11300.63
3/26/2020,271.21,17396.40
3/25/2020,164.77,14556.48
3/24/2020,184.89,8573.58
3/23/2020,109.64,8827.07
3/22/2020,223.94,16317.55
3/21/2020,177.49,11427.21
3/20/2020,197.25,14502.20
3/19/2020,229.08,20310.86
3/18/2020,159.50,15775.25
3/17/2020,169.05,11099.08
3/16/2020,135.55,10076.14
3/15/2020,193.55,10482.30
3/14/2020,193.78,17504.98
3/13/2020,156.73,12878.64
3/12/2020,134.92,6442.53
3/11/2020,227.16,6946.00
3/10/2020,266.70,17506.56
3/9/2020,280.45,15696.36
3/8/2020,230.33,15590.28
3/7/2020,141.62,7303.70
3/6/2020,248.09,14491.63
3/5/2020,159.59,10463.87
3/4/2020,169.11,11560.26
3/3/2020,102.03,6474.38
3/2/2020,249.10,16289.27
3/1/2020,181.09,15749.15
2/29/2020,290.51,12627.38
2/28/2020,180.08,10882.30
2/27/2020,235.12,9208.13
2/26/2020,208.53,15411.13
2/25/2020,226.19,15194.75
2/24/2020,266.07,14696.75
2/23/2020,245.74,11981.51
2/22/2020,248.15,7897.36
2/21/2020,181.64,10007.79
2/20/2020,210.35,16772.35
2/19/2020,187.47,15468.75
2/18/2020,120.41,6305.55
2/17/2020,122.78,12351.96
2/16/2020,195.49,16358.31
2/15/2020,177.19,5446.50
2/14/2020,188.29,10959.26
2/13/2020,187.56,9920.13
2/12/2020,126.39,9552.65
2/11/2020,265.95,13494.35
2/10/2020,278.33,15840.65
2/9/2020,153.72,9336.70
2/8/2020,299.47,14488.37
2/7/2020,153.57,11177.64
2/6/2020,249.75,13455.03
2/5/2020,238.08,14303.10
2/4/2020,202.95,14638.56
2/3/2020,260.60,18505.39
2/2/2020,285.02,18272.35
2/1/2020,295.74,13611.81
1/31/2020,284.09,13168.50
1/30/2020,140.79,10574.66
1/29/2020,176.82,10699.14
1/28/2020,129.85,6618.44
1/27/2020,180.39,13819.37
1/26/2020,169.70,9757.13
1/25/2020,187.93,11542.15
1/24/2020,248.20,18856.65
1/23/2020,168.75,13128.19
1/22/2020,241.42,13863.97
1/21/2020,106.67,8232.29
1/20/2020,181.91,12809.87
1/19/2020,173.52,10154.50
1/18/2020,181.40,10207.53
1/17/2020,297.61,16220.09
1/16/2020,249.69,18897.79
1/15/2020,238.59,12115.24
1/14/2020,165.06,13810.11
1/13/2020,244.39,15406.03
1/12/2020,264.02,15521.42
1/11/2020,267.40,13816.58
1/10/2020,184.72,14047.03
1/9/2020,243.48,9899.37
1/8/2020,182.00,9041.10
1/7/2020,248.28,17570.90
1/6/2020,166.03,15111.44
1/5/2020,219.30,14214.88
1/4/2020,184.07,12698.08
1/3/2020,212.76,11849.28
1/2/2020,182.21,14016.95
1/1/2020,201.26,11089.03
12/31/2019,157.65,10198.53
12/30/2019,279.89,16517.32
12/29/2019,213.18,12285.29
12/28/2019,158.00,15258.65
12/27/2019,177.89,17592.22
12/26/2019,135.52,12965.93
12/25/2019,159.33,9602.80
12/24/2019,176.21,17460.32
12/23/2019,163.01,13101.84
12/22/2019,238.10,9394.26
12/21/2019,147.58,6975.13
12/20/2019,209.00,12893.04
12/19/2019,273.04,15588.38
12/18/2019,247.35,8693.67
12/17/2019,200.66,8339.77
12/16/2019,289.95,15181.72
12/15/2019,155.64,9348.59
12/14/2019,228.88,13624.81
12/13/2019,256.46,13956.92
12/12/2019,164.81,12136.94
12/11/2019,214.81,13715.09
12/10/2019,144.44,10401.20
12/9/2019,135.50,9244.13
12/8/2019,159.69,14255.82
12/7/2019,182.99,17437.05
12/6/2019,155.19,10009.38
12/5/2019,158.12,9800.34
12/4/2019,170.81,12300.32
12/3/2019,291.19,16010.21
12/2/2019,153.01,10689.56
12/1/2019,200.64,10972.62
11/30/2019,183.62,8436.26
11/29/2019,270.18,12724.99
11/28/2019,221.25,8637.47
11/27/2019,143.43,11882.06
11/26/2019,126.40,6380.06
11/25/2019,237.06,14406.25
11/24/2019,182.17,8103.61
11/23/2019,271.83,16494.22
11/22/2019,135.97,9037.39
11/21/2019,238.49,15755.45
11/20/2019,218.27,13297.79
11/19/2019,135.02,12975.64
11/18/2019,284.65,16400.44
11/17/2019,168.17,13697.43
11/16/2019,280.17,17213.93
11/15/2019,99.63,10558.76
11/14/2019,243.21,13155.71
11/13/2019,132.93,12576.48
11/12/2019,158.79,15087.75
11/11/2019,172.38,11690.36
11/10/2019,163.53,9047.41
11/9/2019,212.11,10745.66
11/8/2019,297.35,12560.08
11/7/2019,125.58,9150.73
11/6/2019,175.42,13687.38
11/5/2019,266.01,16394.67
11/4/2019,212.08,11482.57
11/3/2019,200.11,8117.91
11/2/2019,181.38,13229.83
11/1/2019,108.55,7479.12
10/31/2019,190.55,14398.84
10/30/2019,118.63,8861.76
10/29/2019,188.07,11393.48
10/28/2019,196.40,10057.03
10/27/2019,177.25,16187.43
10/26/2019,267.03,14387.78
10/25/2019,234.86,14901.22
10/24/2019,297.66,12921.31
10/23/2019,201.80,13368.10
10/22/2019,169.08,12233.05
10/21/2019,266.35,18846.56
10/20/2019,198.32,11363.58
10/19/2019,129.03,7216.12
10/18/2019,286.21,15902.50
10/17/2019,226.45,8727.21
10/16/2019,209.99,12100.47
10/15/2019,131.82,6530.33
10/14/2019,155.19,13886.28
10/13/2019,219.34,8670.68
10/12/2019,189.44,14199.96
10/11/2019,270.27,15886.59
10/10/2019,297.06,14097.86
10/9/2019,227.65,10327.27
10/8/2019,170.79,8155.85
10/7/2019,166.65,9778.49
10/6/2019,237.51,12500.97
10/5/2019,188.67,10465.68
10/4/2019,213.24,10927.72
10/3/2019,229.50,14570.91
10/2/2019,216.69,9028.53
10/1/2019,151.60,8316.48
9/30/2019,293.49,14426.97
9/29/2019,111.18,7094.30
9/28/2019,195.74,10008.84
9/27/2019,193.67,13598.48
9/26/2019,153.28,11835.92
9/25/2019,251.57,9788.91
9/24/2019,162.14,11205.23
9/23/2019,238.29,12175.89
9/22/2019,178.89,9278.00
9/21/2019,140.37,6594.72
9/20/2019,147.66,11769.70
9/19/2019,142.74,10833.25
9/18/2019,286.04,12458.10
9/17/2019,189.18,10443.35
9/16/2019,165.91,10725.41
9/15/2019,140.71,7045.24
9/14/2019,201.06,15170.01
9/13/2019,175.25,16303.83
9/12/2019,90.37,10688.17
9/11/2019,233.22,13246.88
9/10/2019,194.58,11205.82
9/9/2019,215.71,10476.01
9/8/2019,210.71,8675.88
9/7/2019,166.23,6298.43
9/6/2019,163.30,10321.94
9/5/2019,211.84,9913.99
9/4/2019,162.75,8995.84
9/3/2019,298.86,15849.49
9/2/2019,235.06,13558.08
9/1/2019,108.89,11628.58
8/31/2019,278.18,19845.83
8/30/2019,286.22,13582.42
8/29/2019,248.93,8999.42
8/28/2019,180.60,13714.16
8/27/2019,236.05,16450.59
8/26/2019,291.54,13693.39
8/25/2019,266.48,13924.02
8/24/2019,102.82,6846.77
8/23/2019,127.23,7929.62
8/22/2019,211.96,15715.72
8/21/2019,135.44,6858.70
8/20/2019,220.21,14962.52
8/19/2019,252.26,11792.28
8/18/2019,152.93,9402.49
8/17/2019,188.39,12338.23
8/16/2019,213.74,13500.12
8/15/2019,89.14,14009.07
8/14/2019,178.22,13547.60
8/13/2019,181.47,9579.43
8/12/2019,249.48,12264.19
8/11/2019,229.70,12378.50
8/10/2019,206.28,12560.02
8/9/2019,198.49,12512.17
8/8/2019,258.30,15225.36
8/7/2019,264.66,10071.45
8/6/2019,282.64,14732.47
8/5/2019,208.03,9259.21
8/4/2019,291.04,15553.27
8/3/2019,200.51,11026.19
8/2/2019,204.58,13523.14
8/1/2019,157.56,10254.54
7/31/2019,296.02,18685.07
7/30/2019,212.96,13560.98
7/29/2019,274.63,18450.47
7/28/2019,293.21,16376.39
7/27/2019,244.33,17745.66
7/26/2019,212.90,13923.83
7/25/2019,169.52,15216.36
7/24/2019,185.00,8785.44
7/23/2019,188.29,10985.20
7/22/2019,184.74,13327.94
7/21/2019,107.77,8790.77
7/20/2019,259.75,11462.47
7/19/2019,292.76,16190.22
7/18/2019,197.84,11478.01
7/17/2019,220.95,13018.49
7/16/2019,153.83,9042.09
7/15/2019,292.48,20336.96
7/14/2019,238.74,10184.08
7/13/2019,111.76,6623.49
7/12/2019,297.39,15548.79
7/11/2019,132.91,5304.24
7/10/2019,152.24,7820.24
7/9/2019,93.32,9189.74
7/8/2019,277.64,17948.08
7/7/2019,160.31,10707.93
7/6/2019,268.45,11607.12
7/5/2019,214.78,11017.04
7/4/2019,281.68,15743.70
7/3/2019,240.71,15470.69
7/2/2019,173.62,11357.47
7/1/2019,152.57,10446.50
6/30/2019,165.05,9889.38
6/29/2019,142.30,10950.69
6/28/2019,145.13,11739.98
6/27/2019,234.36,15725.31
6/26/2019,228.37,8430.70
6/25/2019,277.76,11160.39
6/24/2019,242.05,13093.16
6/23/2019,247.48,14609.45
6/22/2019,166.24,13190.38
6/21/2019,228.31,14231.83
6/20/2019,221.73,13796.65
6/19/2019,277.40,13328.35
6/18/2019,107.78,9712.61
6/17/2019,253.31,16430.41
6/16/2019,268.24,15792.12
6/15/2019,153.94,11769.73
6/14/2019,242.92,14013.62
6/13/2019,202.76,11346.65
6/12/2019,282.75,18135.36
6/11/2019,170.97,11323.09
6/10/2019,284.90,19667.57
6/9/2019,195.31,14128.09
6/8/2019,203.54,13017.71
6/7/2019,216.71,13478.95
6/6/2019,238.20,10420.02
6/5/2019,131.72,9948.55
6/4/2019,156.79,11594.52
6/3/2019,239.92,12873.32
6/2/2019,246.80,11885.73
6/1/2019,241.10,14100.76
5/31/2019,214.26,11956.08
5/30/2019,235.11,11401.22
5/29/2019,147.25,9250.86
5/28/2019,97.92,10850.00
5/27/2019,188.77,11520.20
5/26/2019,217.02,13365.73
5/25/2019,174.11,11797.47
5/24/2019,181.55,10812.38
5/23/2019,180.08,12434.69
5/22/2019,185.56,10225.60
5/21/2019,233.39,11181.08
5/20/2019,178.11,14362.70
5/19/2019,217.96,13820.53
5/18/2019,147.26,11399.49
5/17/2019,249.63,14869.60
5/16/2019,257.15,14504.57
5/15/2019,282.46,17773.73
5/14/2019,138.46,11480.74
5/13/2019,224.13,14162.47
5/12/2019,187.08,12658.76
5/11/2019,241.32,14665.59
5/10/2019,125.42,11789.80
5/9/2019,223.75,10030.24
5/8/2019,299.50,14219.16
5/7/2019,292.93,14890.04
5/6/2019,149.94,14152.46
5/5/2019,280.78,15092.91
5/4/2019,273.60,13885.56
5/3/2019,214.52,12695.66
5/2/2019,179.48,11075.06
5/1/2019,235.71,12451.86
4/30/2019,144.65,6506.70
4/29/2019,289.85,16726.79
4/28/2019,155.25,9260.77
4/27/2019,195.97,13848.14
4/26/2019,185.78,11157.86
4/25/2019,138.24,4145.62
4/24/2019,197.46,14532.30
4/23/2019,262.85,15442.26
4/22/2019,183.23,9683.78
4/21/2019,147.46,12244.75
4/20/2019,263.29,12561.87
4/19/2019,207.54,13252.27
4/18/2019,191.88,9249.46
4/17/2019,230.77,12254.73
4/16/2019,255.78,15949.95
4/15/2019,249.93,14955.32
4/14/2019,115.47,13258.81
4/13/2019,232.98,9156.50
4/12/2019,193.72,12229.17
4/11/2019,139.89,3683.22
4/10/2019,170.77,8456.45
4/9/2019,215.97,12344.31
4/8/2019,245.49,4317.79
4/7/2019,158.17,3335.90
4/6/2019,181.36,7903.52
4/5/2019,195.46,7269.51
4/4/2019,184.76,7982.87
4/3/2019,229.20,17017.04
4/2/2019,195.56,10844.20
4/1/2019,137.75,3591.63
3/31/2019,233.71,12306.50
3/30/2019,228.79,10599.39
3/29/2019,180.47,10785.34
3/28/2019,287.14,15481.44
3/27/2019,200.71,15523.36
3/26/2019,105.47,6903.27
3/25/2019,285.39,17055.53
3/24/2019,254.15,17443.62
3/23/2019,166.11,14742.41
3/22/2019,288.42,15189.84
3/21/2019,171.70,2132.85
3/20/2019,158.12,15551.47
3/19/2019,282.69,16584.47
3/18/2019,139.41,10569.52
3/17/2019,257.45,13203.55
3/16/2019,130.96,9738.96
3/15/2019,154.86,13169.77
3/14/2019,217.06,10561.36
3/13/2019,157.08,9324.69
3/12/2019,149.84,8070.01
3/11/2019,137.24,9097.57
3/10/2019,152.30,8257.88
3/9/2019,210.74,10408.04
3/8/2019,186.27,10554.81
3/7/2019,258.31,11170.97
3/6/2019,97.60,7374.48
3/5/2019,247.29,13775.70
3/4/2019,145.57,11767.67
3/3/2019,231.39,9844.38
3/2/2019,186.07,13836.70
3/1/2019,146.89,11337.27
2/28/2019,269.53,19084.22
2/27/2019,274.63,19758.42
2/26/2019,258.51,17089.80
2/25/2019,244.11,11325.68
2/24/2019,245.75,13855.44
2/23/2019,272.52,12289.85
2/22/2019,208.11,9497.76
2/21/2019,148.01,9045.56
2/20/2019,106.54,9226.91
2/19/2019,237.57,13932.34
2/18/2019,180.64,10562.86
2/17/2019,211.33,14407.16
2/16/2019,282.79,16419.62
2/15/2019,179.55,14025.50
2/14/2019,184.89,13727.99
2/13/2019,201.72,11921.31
2/12/2019,221.19,10896.23
2/11/2019,209.06,9848.72
2/10/2019,184.11,12574.41
2/9/2019,137.94,6748.10
2/8/2019,257.85,13158.27
2/7/2019,228.89,13174.53
2/6/2019,204.46,12386.10
2/5/2019,157.08,4584.79
2/4/2019,281.95,13378.00
2/3/2019,261.33,16429.01
2/2/2019,141.23,6724.16
2/1/2019,189.45,9594.20
1/31/2019,243.29,11362.24
1/30/2019,240.14,13094.11
1/29/2019,228.62,12449.69
1/28/2019,270.84,17884.91
1/27/2019,238.17,15843.11
1/26/2019,237.12,11891.88
1/25/2019,224.52,12188.58
1/24/2019,245.28,13919.89
1/23/2019,207.14,4751.12
1/22/2019,289.35,15458.70
1/21/2019,155.44,11158.73
1/20/2019,166.06,11496.12
1/19/2019,286.59,15627.26
1/18/2019,158.95,14320.98
1/17/2019,174.39,8894.71
1/16/2019,101.19,9454.07
1/15/2019,174.33,9197.91
1/14/2019,192.30,8516.75
1/13/2019,208.78,14882.89
1/12/2019,150.87,7674.17
1/11/2019,192.02,11342.00
1/10/2019,154.75,7963.48
1/9/2019,150.93,11182.06
1/8/2019,117.79,8402.77
1/7/2019,267.67,15553.42
1/6/2019,241.14,12412.45
1/5/2019,251.18,14807.54
1/4/2019,250.51,18757.02
1/3/2019,160.77,11764.99
1/2/2019,152.34,8979.03
1/1/2019,192.54,14866.93
12/31/2018,232.91,14493.84
12/30/2018,153.77,6832.22
12/29/2018,224.19,14404.93
12/28/2018,262.53,14790.02
12/27/2018,189.77,8201.01
12/26/2018,216.08,16551.85
12/25/2018,187.49,13764.98
12/24/2018,159.26,10354.23
12/23/2018,139.66,14204.88
12/22/2018,180.39,12702.64
12/21/2018,259.67,11366.94
12/20/2018,254.63,15356.06
12/19/2018,201.66,14709.82
12/18/2018,212.70,12031.89
12/17/2018,233.58,14329.06
12/16/2018,226.64,12468.54
12/15/2018,233.90,9329.01
12/14/2018,147.20,4301.05
12/13/2018,182.89,14087.41
12/12/2018,233.14,16658.21
12/11/2018,203.44,10655.92
12/10/2018,184.97,13737.20
12/9/2018,161.40,10522.74
12/8/2018,199.83,10324.00
12/7/2018,268.32,16435.91
12/6/2018,249.79,15539.57
12/5/2018,257.78,13509.09
12/4/2018,146.40,8829.75
12/3/2018,278.15,17665.44
12/2/2018,225.95,12051.74
12/1/2018,236.39,13277.71
11/30/2018,177.67,12344.34
11/29/2018,240.20,15714.65
11/28/2018,128.65,7883.55
11/27/2018,254.48,13967.39
11/26/2018,292.42,14127.26
11/25/2018,192.20,12482.79
11/24/2018,144.40,7022.41
11/23/2018,247.79,14583.68
11/22/2018,219.82,16911.42
11/21/2018,168.20,14161.16
11/20/2018,226.46,10327.01
11/19/2018,156.38,7054.42
11/18/2018,126.24,7620.98
11/17/2018,256.08,10653.90
11/16/2018,171.58,7859.01
11/15/2018,229.77,10956.58
11/14/2018,206.19,17536.78
11/13/2018,228.92,8234.80
11/12/2018,140.46,11251.66
11/11/2018,205.18,10749.47
11/10/2018,146.75,13790.37
11/9/2018,117.90,10513.91
11/8/2018,246.12,13407.69
11/7/2018,164.44,14598.41
11/6/2018,241.18,8982.55
11/5/2018,176.94,10508.22
11/4/2018,152.59,12891.86
11/3/2018,299.77,18115.21
11/2/2018,172.90,11790.36
11/1/2018,167.14,10082.34
10/31/2018,172.15,10486.76
10/30/2018,143.90,13021.42
10/29/2018,136.23,13605.19
10/28/2018,131.40,10312.52
10/27/2018,190.27,11403.02
10/26/2018,152.63,10387.66
10/25/2018,192.33,11500.76
10/24/2018,193.80,8214.77
10/23/2018,186.70,10485.86
10/22/2018,155.96,9710.19
10/21/2018,293.42,18096.28
10/20/2018,229.36,8812.59
10/19/2018,191.86,11109.12
10/18/2018,161.88,14093.52
10/17/2018,172.48,10837.56
10/16/2018,223.65,12376.51
10/15/2018,219.44,15602.43
10/14/2018,172.33,12537.19
10/13/2018,124.39,8313.06
10/12/2018,227.64,7466.94
10/11/2018,275.20,20053.67
10/10/2018,296.42,15605.06
10/9/2018,293.22,18764.53
10/8/2018,139.84,9574.01
10/7/2018,280.30,8526.94
10/6/2018,165.92,3343.89
